@conference{boogerd2008use,
  title={{On the Use of Data Flow Analysis in Static Profiling}},
  author={Boogerd, C. and Moonen, L.},
  booktitle={Source Code Analysis and Manipulation, 2008 Eighth IEEE International Working Conference on},
  pages={79--88},
  year={2008},
  organization={IEEE}
}

@article{heckman-systematic,
  title={{A Systematic Literature Review of Actionable Alert Identification Techniques for Automated Static Code Analysis}},
  author={Heckman, S. and Williams, L.}
}

@conference{buse2009road,
  title={{The road not taken: Estimating path execution frequency statically}},
  author={Buse, R.P.L. and Weimer, W.},
  booktitle={Proceedings of the 2009 IEEE 31st International Conference on Software Engineering},
  pages={144--154},
  year={2009},
  organization={IEEE Computer Society}
}

@article{calder1997evidence,
  title={{Evidence-based static branch prediction using machine learning}},
  author={Calder, B. and Grunwald, D. and Jones, M. and Lindsay, D. and Martin, J. and Mozer, M. and Zorn, B.},
  journal={ACM Transactions on Programming Languages and Systems (TOPLAS)},
  volume={19},
  number={1},
  pages={188--222},
  year={1997},
  publisher={ACM}
}

@conference{baba2007design,
  title={{Design of a two-level hot path detector for path-based loop optimizations}},
  author={Baba, T. and Masuho, T. and Yokota, T. and Ootsu, K.},
  booktitle={Proceedings of the third conference on IASTED International Conference: Advances in Computer Science and Technology},
  pages={28},
  year={2007},
  organization={ACTA Press}
}

@conference{ball1996efficient,
  title={{Efficient path profiling}},
  author={Ball, T. and Larus, J.R.},
  booktitle={micro},
  pages={46},
  year={1996},
  organization={Published by the IEEE Computer Society}
}

@article{duesterwald2000software,
  title={{Software profiling for hot path prediction: Less is more}},
  author={Duesterwald, E. and Bala, V.},
  journal={ACM SIGARCH Computer Architecture News},
  volume={28},
  number={5},
  pages={202--211},
  year={2000},
  publisher={ACM}
}

@conference{merten1999hardware,
  title={{A hardware-driven profiling scheme for identifying program hot spots to support runtime optimization}},
  author={Merten, M.C. and Trick, A.R. and George, C.N. and Gyllenhaal, J.C. and Hwu, W.W.},
  booktitle={Proceedings of the 26th annual international symposium on Computer architecture},
  pages={147},
  year={1999},
  organization={IEEE Computer Society}
}
