@conference{fei2005bayesian,
  title={{A bayesian hierarchical model for learning natural scene categories}},
  author={Fei-Fei, L. and Perona, P.},
  booktitle={{IEEE Computer Society Conference on Computer Vision and Pattern Recognition, 2005. CVPR 2005.}},
  volume={2},
  pages={524--531},
  year={2005},
  organization={{IEEE}}
}
